@ARTICLE {stefangreuterjeremyparkernigelstewartgeoffleach2003,
    author  = "Stefan Greuter and Jeremy Parker and Nigel Stewart and Geoff Leach",
    title   = "Real-time Procedural Generation of ‘Pseudo Infinite’ Cities",
    journal = "ACM",
    year    = "2003"
}
@ARTICLE {jiazhenliyongzhangdehuikong2012,
    author  = "Jiazhen Li and Yong Zhang and Dehui Kong",
    title   = "Rule-based procedural modeling of buildings",
    journal = "IEEE",
    year    = "2012"
}
@ARTICLE {cornelisstalbrittlonnevillephilippedemaeyeranneliesvandenbulckemiekepaelinckalaindewulf2015,
    author  = "Cornelis Stal and  Britt Lonneville and Philippe De Maeyer and  Annelies Vandenbulcke and Mieke Paelinck and  and Alain De Wulf",
    title   = "Procedural City Model using Multi-source Parameter Estimation",
    journal = "IEEE",
    year    = "2015"
}
@ARTICLE {paulmerrelldineshmanocha2008,
    author  = "Paul Merrell and Dinesh Manocha",
    title   = "Continuous Model Synthesis",
    journal = "ACM",
    year    = "2008"
}
@ARTICLE {paulmerrell2007,
    author  = "Paul Merrell",
    title   = "Example-Based Model Synthesis",
    journal = "ACM",
    year    = "2007"
}